@book{adams1995hitchhiker,
  title={The Hitchhiker's Guide to the Galaxy},
  author={Adams, D.},
  isbn={9781417642595},
  url={http://www.bournemouth.ac.uk/library/using/guide\_to\_citing\_internet\_sourc.html},
  year={1995},
  publisher={San Val}
}
